<?xml version="1.0" encoding="UTF-8"?><collection xmlns="http://www.loc.gov/MARC21/slim"><record><leader>00333nam--2200133-i-4500</leader><controlfield tag="001">000021821</controlfield><controlfield tag="002">20161230</controlfield><controlfield tag="005">20161230201034</controlfield><controlfield tag="008">060222s1000------------r-----000-0-eng-d</controlfield><datafield ind1=" " ind2=" " tag="100"><subfield code="a">John, S</subfield></datafield><datafield ind1=" " ind2=" " tag="245"><subfield code="a">Die fernmessung</subfield></datafield><datafield ind1=" " ind2=" " tag="260"><subfield code="a">Karlsruhe, Verlag G. Braun, 1951-1957. Xi+222p</subfield></datafield><datafield ind1=" " ind2=" " tag="490"><subfield code="a">Wissenschaftliche Bucherei</subfield></datafield><datafield ind1=" " ind2=" " tag="852"><subfield code="a">15075</subfield></datafield></record></collection>